<?xml version="1.0" encoding="UTF-8"?>
<collection xmlns:xsi="http://www.w3.org/2001/XMLSchema-instance" xsi:schemaLocation="http://www.loc.gov/MARC21/slim http://www.loc.gov/standards/marcxml/schema/MARC21slim.xsd" xmlns="http://www.loc.gov/MARC21/slim">
<record>
  <leader>00842cam a22002291  4500</leader>
  <controlfield tag="001">3076393</controlfield>
  <controlfield tag="003">NNC</controlfield>
  <controlfield tag="005">20130426015729.0</controlfield>
  <controlfield tag="008">880517m19359999ua            000 0 arard</controlfield>
  <datafield tag="035" ind1=" " ind2=" ">
    <subfield code="a">(OCoLC)ocm17965928</subfield>
  </datafield>
  <datafield tag="035" ind1=" " ind2=" ">
    <subfield code="9">ATP9991CU</subfield>
  </datafield>
  <datafield tag="035" ind1=" " ind2=" ">
    <subfield code="a">(NNC)3076393</subfield>
  </datafield>
  <datafield tag="040" ind1=" " ind2=" ">
    <subfield code="a">WAU</subfield>
    <subfield code="c">WAU</subfield>
    <subfield code="d">OCL</subfield>
    <subfield code="d">ZCU</subfield>
  </datafield>
  <datafield tag="099" ind1=" " ind2=" ">
    <subfield code="a">893.7K84</subfield>
    <subfield code="a">DK5</subfield>
  </datafield>
  <datafield tag="100" ind1="1" ind2=" ">
    <subfield code="a">Qurṭubī, Muḥammad ibn Aḥmad,</subfield>
    <subfield code="d">-1273.</subfield>
  </datafield>
  <datafield tag="245" ind1="1" ind2="0">
    <subfield code="a">Jamiʻ li-aḥkām al-Qurʾan.</subfield>
  </datafield>
  <datafield tag="260" ind1=" " ind2=" ">
    <subfield code="a">al-Qāhirah,</subfield>
    <subfield code="b">Dār al-Kutūb al-Miṣrīyah,</subfield>
    <subfield code="c">1935-</subfield>
  </datafield>
  <datafield tag="300" ind1=" " ind2=" ">
    <subfield code="a">v.</subfield>
  </datafield>
  <datafield tag="500" ind1=" " ind2=" ">
    <subfield code="a">At head of title: v. 1- : Dār al-Kutūb al-Miṣrīyah. al-Qism al-Adabī; v. 9- al-Jumhūrīyah al-ʻArabīyah al-Muttaḥidah. Wizārat al-Thaqāfah wa-al-Irshād al-Qawmī. Dār al-kutub.</subfield>
  </datafield>
  <datafield tag="500" ind1=" " ind2=" ">
    <subfield code="a">v. 1: 3d. ed.; v. 2, 4-7, 9-20: 2d ed.</subfield>
  </datafield>
  <datafield tag="630" ind1="0" ind2="0">
    <subfield code="a">Qurʼan</subfield>
    <subfield code="v">Commentaries.</subfield>
  </datafield>
  <datafield tag="955" ind1=" " ind2=" ">
    <subfield code="b">0026815001</subfield>
    <subfield code="d">glx</subfield>
    <subfield code="e">893.7K84 DK5</subfield>
    <subfield code="v">v.9</subfield>
  </datafield>
</record>
</collection>